@misc{markdown,
  key = {Markdown Homepage},
  title = {Markdown Homepage},
  howpublished = {\url{https://daringfireball.net/projects/markdown/}},
  note = {Accessed: 07-05-2016}
}

@misc{mdsyntax,
  key = {Markdown Syntax},
  title = {Markdown Syntax},
  howpublished = {\url{https://daringfireball.net/projects/markdown/syntax}},
  note = {Accessed: 08-05-2016}
}

@article{texlba,
  author = {Donald E. Knuth and Michael F. Plass},
  title = {{Breaking Paragraphs into Lines}},
  journal = {Software - Practice and Experience},
  volume = {11},
  year = {1981},
  pages = {1119--1184},
  issue = {11},
  doi = {10.1002/spe.4380111102},
  masid = {763959}
}

@manual{tikzman,
  author = {Till Tantau},
  title = {The TikZ and PGF Packages},
  subtitle = {Manual for version 3.0.1a},
  url = {\url{http://mirrors.ctan.org/graphics/pgf/base/doc/pgfmanual.pdf}},
  date = {2015-08-29}
}

@misc{mwikilat,
  key = {Mediwiki Latex Extension},
  title = {MediaWiki Latex Extension},
  howpublished = {\url{https://www.mediawiki.org/wiki/Extension:Math}},
  note = {Accessed: 08-05-2016}
}

@misc{jmathtex,
  key = {JMathTeX},
  title = {JMathTeX: TeX in Java},
  howpublished = {\url{http://jmathtex.sourceforge.net/}},
  note = {Accessed: 08-05-2016}
}

@misc{pandoc,
  key = {Pandoc: a universal document converter},
  title = {Pandoc},
  howpublished = {\url{http://pandoc.org/}},
  note = {Accessed: 08-05-2016}
}

@misc{javaprocess,
  key = {Javadoc for Process},
  title = {Javadoc for Process},
  howpublished = {\url{https://docs.oracle.com/javase/8/docs/api/java/lang/Process.html}},
  note = {Accessed: 09-05-2016}
}

@inproceedings{checkoway2010text,
  title={Are Text-Only Data Formats Safe? Or, Use This LaTeX Class File to Pwn Your Computer.},
  author={Checkoway, Stephen and Shacham, Hovav and Rescorla, Eric},
  booktitle={LEET},
  year={2010}
}

@article{checkoway2011don,
  title={Donâ€™t take LATEX files from strangers},
  author={Checkoway, Steve and Shacham, Hovav and Rescorla, Eric},
  year={2011}
}

@misc{minipage,
  key = {Minipage},
  title = {LaTeX Minipage},
  howpublished = {\url{http://www.sascha-frank.com/latex-minipage.html}},
  note = {Accessed: 09-05-2016}
}

@misc{memoir,
  key = {Memoir},
  title = {Memoir User Guide},
  howpublished = {\url{http://tug.ctan.org/tex-archive/macros/latex/contrib/memoir/memman.pdf}},
  note = {Accessed: 18-05-2016}
}

@misc{komascript,
  key = {Koma-script},
  title = {KOMA-Script Guide},
  howpublished = {\url{http://texdoc.net/texmf-dist/doc/latex/koma-script/scrguien.pdf}},
  note = {Accessed: 18-05-2016}
}
